3020 5292
1042 520 1167 589 ··—-
1261 476 1410 571 ιιι
1501 512 1600 554 --

305 699 561 784 mixtas
613 680 1079 798 suspicemur,
1152 718 1296 796 quo
1347 664 1627 766 ducunt
1666 678 1909 762 verba
1937 660 2241 766 fluidae
2205 745 2226 782 ,
2301 697 2402 795 καζ

314 827 506 917 ἑτέρας
542 824 816 900 ὑποθήκας
861 823 1297 914 παραινετικάςι
1365 824 1439 915 et
1475 836 1581 884 vs.
1614 806 1848 909 1059,
1889 833 2042 911 sqq.
2088 806 2350 906 (1031.
2352 813 2400 909 )

603 943 946 1035 Τιμαγόρα,
991 935 1207 1007 nomia
1248 937 1417 1028 ὂργῆν
1459 934 1770 1027 ἀπάτερθεν
1812 937 2006 1025 ὁρῶντι
2152 998 2165 1011 ,

521 1138 530 1145 ὴ
694 1066 1024 1154 γηινωσκειν
1068 1056 1344 1154 χαλεπὸν,
1391 1059 1501 1122 καί
1536 1069 1644 1147 περ
1688 1054 1824 1120 ἐόντι
1871 1048 2046 1146 σοφῷ.

367 1202 372 1209 ·
451 1214 462 1221 ·
604 1180 656 1244 οἱ
699 1178 805 1267 μὲν
847 1180 966 1272 γὰρ
1012 1181 1295 1255 κακότητα
1340 1174 1798 1266 κατακρύψαντες
1842 1166 2072 1265 ἔχουσιν
2192 1192 2198 1201 ·

699 1295 954 1387 πλούτῳ,
1002 1296 1085 1362 τοὶ
1124 1289 1183 1364 δ’
1221 1295 1425 1387 ἀρετὴν
1467 1288 1726 1381 οὐλομένῃ
1771 1293 1955 1381 πενὸι.
2068 1284 2075 1291 ’

309 1402 489 1479 haee
537 1404 785 1503 igitur,
830 1430 949 1478 me
985 1402 1263 1495 iudice,
1319 1413 1496 1476 sunt
1533 1401 2007 1500 fiagmentum
2058 1402 2411 1507 gnomolo-

310 1528 465 1639 giae
527 1524 621 1600 ad
660 1526 1121 1624 Timagoram.
1227 1518 1729 1598 Adversabitur
1770 1515 2231 1623 Welokerus,
2281 1524 2407 1627 qui

303 1626 385 1719 in
431 1642 754 1719 ordinem
808 1645 1392 1753 epigrammatum
1438 1639 1725 1728 retulit,
1796 1634 1932 1711 hoc
1986 1667 2157 1717 usus
2215 1671 2410 1745 argu-

302 1778 549 1839 mento
593 1767 673 1840 in
717 1765 909 1836 notis
966 1763 1074 1860 (si
1118 1773 1308 1835 reete
1350 1757 1706 1858 intelligo)
1768 1756 1911 1832 duo
1956 1772 2232 1836 tantum
2250 1792 2407 1866 po-

304 1896 608 1959 stremos
652 1909 895 1959 versus
936 1908 977 1955 a
1018 1876 1309 1954 Stobaeo
1347 1877 1591 1951 citari:
1642 1877 1853 1976 igitur
1895 1877 2246 1983 aliquem,
2279 1886 2405 1991 qui

234 2030 240 2037 ·
307 2006 735 2107 epigramma
759 1999 1062 2075 condere
1084 1995 1336 2088 vellet,
1356 1994 1532 2070 duos
1549 1997 1818 2099 priores
1839 1996 2230 2103 affinxisse,
2259 2028 2409 2077 non

297 2120 676 2223 xvidentem
698 2116 891 2193 haud
910 2128 1071 2218 apte
1094 2118 1472 2193 convenire
1490 2176 1510 2210 ,
1560 2119 1822 2219 quippe
1856 2127 2094 2205 κακότης
2126 2133 2200 2193 et
2228 2120 2405 2219 ἀρὲτὴ

306 2238 404 2314 ad
452 2263 669 2338 genus
712 2249 787 2309 et
826 2235 1244 2335 dignitatem
1270 2294 1292 2329 ,
1337 2247 1473 2344 ὀργὴ
1526 2237 1617 2311 ad
1661 2239 1975 2315 animum
2011 2242 2404 2343 pertinere:

310 2354 511 2459 quod
564 2354 782 2428 miror
840 2354 1209 2431 Welckero
1250 2355 1591 2432 excidisse
1609 2389 1663 2448 ,·
1695 2357 1818 2459 qui
1860 2360 2122 2458 optime
2172 2361 2410 2457 novis·

309 2490 421 2553 set
442 2533 463 2569 ,
522 2483 733 2577 quam
794 2471 1023 2546 affinia
1084 2469 1288 2574 apud·
1329 2473 1823 2576 Tlieognidem
1856 2479 2025 2551 ‘sint
2064 2473 2407 2551 ‘nobilitas

304 2597 584 2698 generis
621 2608 695 2670 et
738 2618 1015 2670 morum
1056 2589 1365 2687 bonitas,
1430 2597 1699 2696 generis
1733 2595 2111 2700 humilitas·
2140 2612 2213 2673 et
2247 2625 2407 2701 pra-

305 2720 492 2791 vitas
527 2715 766 2789 animi.
832 2754 929 2769 -
991 2710 1127 2784 VI.
1175 2709 1449 2787 Musam
1480 2715 1822 2815 puerilem
1844 2774 1864 2811 ,
1909 2724 2213 2819 (παιδικὴν
2253 2727 2409 2792 Mota

175 2847 182 2854 “
314 2840 506 2934 cao:
557 2848 723 2908 sunt
754 2859 834 2906 ea
869 2831 1218 2922 carmina,
1270 2855 1445 2933 quae
1478 2832 1835 2909 Bekkerus
1876 2864 1918 2910 e
1955 2838 2201 2913 codice
2241 2839 2405 2916 Mu-

305 2953 585 3035 tinensl
629 2951 858 3025 multo
903 2975 1113 3054 quam
1163 2954 1451 3027 caeteris
1494 2957 1865 3053 integriore
1914 2956 2164 3031 edidit.
2262 2957 2410 3062 Ho3-

313 3094 481 3146 rum
515 3065 876 3171 complura
901 3066 1076 3171 quid
1100 3066 1190 3141 ab
1229 3073 1875 3171 epigrammatibuS,
1924 3097 2101 3173 quae
2121 3073 2413 3146 Welok·

321 3214 485 3262 erus
540 3192 961 3289 segregavit,
1015 3186 1351 3262 differant
1406 3216 1555 3263 non
1604 3190 1940 3289 intelligo.
2015 3191 2080 3264 A
2117 3216 2409 3290 gnomo-

321 3305 509 3408 log-ia
550 3322 775 3402 reete,
821 3323 904 3384 ut
943 3289 1194 3416 puto,
1212 3305 1588 3385 disiunxit:
1640 3329 1854 3412 pauca
1891 3334 1931 3382 e
1985 3335 2148 3383 vere
2173 3308 2410 3384 ‹Theo-

319 3426 603 3528 gnideis
650 3427 790 3538 ¹¹⁰⁰.
844 3428 1180 3501 retraxit:
1249 3454 1488 3503 rursus
1535 3427 1932 3530 Theognidi
1986 3426 2411 3503 adiudicavifi

321 3545 708 3638 vs.1351,
746 3523 850 3649 sq.
898 3547 1089 3649 ipse,
1139 3571 1272 3620 nec
1317 3551 1469 3629 sine
1518 3577 1764 3644 causa,
1812 3548 2185 3640 dubitanS,
2240 3539 2407 3656 pagss

314 3686 562 3741 txxrx.

416 3787 534 3861 Sic
574 3787 787 3885 igitur
808 3784 978 3861 haec
1003 3788 1313 3862 carmina
1349 3783 1686 3879 lustrans,
1731 3767 2213 3863 intemeratam
2246 3817 2411 3890 gno-

323 3893 693 3999 mologiam
728 3929 1154 3981 emersuram
1182 3907 1487 4007 speravit
1528 3845 1970 3982 Welckerus.
2053 3907 2194 3981 Sed
2229 3914 2411 3983 orie-

322 4012 538 4091 batur
584 4018 753 4097 haec
805 4025 1147 4130 quaestio,
1194 4050 1371 4097 num
1413 4048 1538 4116 ea,
1586 4052 1759 4128 quae
1807 4024 2200 4120 restabant,
2271 4055 2412 4101 ser-

320 4152 574 4211 varent
619 4138 943 4215 ordinem
970 4198 989 4230 ‚
1057 4142 1146 4216 ab
1194 4146 1349 4245 ipso
1401 4145 1617 4218 Poeta
1656 4148 2071 4222 institutum.
2169 4150 2410 4245 Itaque

321 4253 696 4367 duplicem
738 4256 887 4333 W..
931 4256 1229 4340 aliorum
1282 4266 1704 4340 sententiam
1757 4265 2065 4369 explorat
2130 4262 2239 4361 (ξ.
2277 4260 2410 4361 6.)

1468 4385 1534 4456 Ο
1580 4382 1631 4461 5
2246 4409 2413 4464 uam
