3020 5292
1038 454 1558 537 -345—2·

247 661 355 736 312
400 658 797 735 universum
841 658 1264 756 reperiemus
1306 646 1713 726 narrationis
1732 645 2383 759 discrepantiam
2321 708 2341 743 ‚

268 780 421 852 nisi
474 773 659 889 quod
708 774 827 846 hic
876 771 1112 874 paullo
1157 772 1432 873 plenior
1470 771 1608 860 sit,
1662 732 1882 839 illic
1860 792 1940 838 m
1993 771 2389 868 epitomen

271 896 607 988 redacta,
673 907 746 964 at
795 893 875 964 in
917 885 1157 960 verbis
1214 880 1579 987 sormisque
1635 888 2086 982 grammaticis
2149 913 2353 989 saepe

275 1000 674 1085 maximam.
734 1012 885 1098 Sic,
924 1021 1004 1081 ut
1034 1002 1174 1080 h'oc
1205 1019 1394 1093 utar,
1446 999 1842 1099 exemplum
1872 999 2233 1103 Leydense
2272 1001 2419 1079 11--

276 1126 396 1202 bri
427 1127 517 1199 de
549 1128 1048 1229 expugnatione
1080 1108 1313 1225 Syriae
1351 1120 1756 1222 plerumque
1794 1121 1975 1195 bene
2013 1122 2383 1223 scriptum

281 1262 431 1338 est,
496 1263 569 1321 et
601 1247 701 1320 ad
746 1243 1012 1345 regulas
1056 1240 1327 1340 linguae
1378 1239 1931 1330 accommodate,
1991 1230 2061 1312 et
2103 1239 2366 1341 ubique

287 1342 436 1436 fere
473 1366 882 1438 narrationis
927 1362 1136 1435 series
1177 1359 1523 1459 conspirat
1555 1385 1715 1435 cum
1756 1298 2190 1460 Ockleyana,
2232 1360 2368 1436 etsi

286 1480 495 1581 longe
530 1482 820 1555 uberior
837 1490 971 1552 ’.εει
1039 1479 1128 1549 Ιιι
1164 1474 1341 1565 belli
1381 1474 1781 1613 Aegyptiaci
1829 1478 2114 1552 historia
2153 1477 2367 1553 eden-
2396 1504 2403 1516 ·
2434 1481 2446 1488 ’

286 1596 382 1671 da
421 1622 551 1670 nos
599 1595 1115 1713 corruptissimo
1156 1592 1392 1665 codice
1435 1596 1545 1668 usi
1589 1621 1868 1687 sumus,
1917 1610 1989 1674 at
2041 1592 2371 1700 pleraque

285 1713 478 1788 illius
524 1716 738 1805 vitia,
793 1715 875 1786 ιιι
916 1715 1044 1815 his
1064 1709 1325 1801 multa,
1384 1735 1556 1810 quae
1596 1709 1868 1811 linguae
1908 1714 2195 1814 vulgari
2242 1714 2375 1788 de·-

290 1831 603 1926 bent'ur
663 1834 947 1930 corrigit
1011 1829 1229 1903 codex
1285 1826 1681 1901 Gothanus
1698 1845 2096 1933 nostrasque
2143 1822 2401 1907 conio?

297 1966 531 2024 cturas
577 1953 961 2023 confirmat.
1057 1948 1375 2050 Denique
1413 1944 1602 2047 quod
1630 1943 1722 2016 ad
1764 1971 1914 2019 rem
1945 1965 2379 2048 praesentem

300 2070 650 2169 imprimis
696 2066 926 2166 magni
967 2068 1312 2139 momenti*
1340 2077 1483 2146 est,
1538 2058 1737 2136 falsas
1784 2060 2156 2160 lectiones,
2207 2095 2378 2169 quas

295 2189 379 2260 in
401 2187 954 2287 ,Mesopotamiae
998 2198 1361 2284 occupatae
1402 2182 1688 2256 historia
1734 2179 2048 2280 religiose
2103 2208 2397 2259 servan·-

302 2302 430 2377 das
478 2330 628 2376 esse
677 2308 945 2407 putayit
998 2301 1386 2394 Ewaldius,
1448 2306 1529 2374 ιιι
1573 2297 1677 2375 ab.
1705 2301 1856 2399 ipso
1891 2310 2180 2377 ,auctore
2220 2329 2386 2402 pro-

305 2423 522 2495 sectas
535 2479 574 2512 2„
593 2435 877 2505 tantum
912 2447 1057 2499 non
1103 2444 1347 2507 omnes
1394 2423 1661 2519 ignorat
1715 2418 1933 2494 codex
1972 2416 2040 2491 N
2043 2418 2388 2511 lebulma-

305 2565 440 2611 nus
457 2595 482 2630 ,
549 2538 872 2611 Gothano
916 2540 1125 2613 etiam
1179 2541 1257 2613 in
1315 2537 1510 2611 haud
1571 2541 1807 2644 paucis
1866 2541 2390 2633 consentiente,
2400 2546 2407 2559 “

308 2636 609 2760 easque
600 2654 773 2732 adeo
811 2653 1266 2730 librariorum
1290 2660 1713 2757 ignorantiae
1743 2661 1947 2732 unice
1992 2638 2390 2732 adscriben

312 2767 437 2849 das
483 2802 628 2850 esse
673 2764 1002 2850 ostendit.
1095 2769 1513 2849 Caeterum
1491 2781 1778 2888 insignis
1816 2776 2070 2852 codicis
2109 2777 2392 2852 Gottinss

315 2898 545 2993 gensis
584 2892 1318 2993 corrupt10,indigni
1340 2892 1591 2992 plane,
1639 2901 1849 2995 quem
1891 2909 2084 2969 tanta
2127 2894 2332 2969 fide
2307 2903 2393 2971 ιιι

312 3011 549 3087 libello
593 3038 732 3085 suo
797 3009 1047 3086 Editor
1113 3019 1567 3112 sequeretur,
1639 3034 1726 3082 ex
1763 3009 1962 3085 nulla
2011 3035 2088 3085 re
2141 3013 2392 3087 melius

320 3157 527 3234 qnam
558 3157 643 3205 ex
674 3128 1175 3232 nonnullorum
1205 3113 1551 3201 locorum
1548 3128 1965 3214 recensione
1997 3132 2393 3232 apparebit,

320 3251 404 3323 in
446 3275 582 3348 quo
621 3225 846 3322 officio
888 3246 1153 3349 reliqua
1203 3273 1365 3349 pars
1410 3271 1736 3321 censurae
1786 3264 2060 3325 nostrae
2105 3276 2396 3353 occupa

320 3365 536 3441 bitur.
654 3363 1089 3439 Monendum
1150 3389 1330 3438 vero:
1369 3378 1476 3437 est
1533 3364 2119 3460 Ewaldium‚.;ut
2168 3366 2397 3443 multa
2446 3407 2452 3415 ·

315 3487 432 3574 vel
462 3488 716 3560 intacta
749 3482 1032 3587 reliquit
1048 3541 1068 3575 ,
1115 3483 1227 3566 vel
1264 3485 1602 3578 asteriscis
1640 3486 2042 3585 insignivit,
2092 3488 2264 3585 quae
2282 3487 2396 3561 si·

316 3630 410 3679 ne
459 3603 1072 3677 ulla-dubitatione
1118 3601 1522 3700 corrigenda
1560 3603 1855 3676 fuissent
1874 3662 1891 3696 ‚
1941 3605 2037 3676 ita
2072 3601 2204 3674 alia
2240 3615 2409 3705 per-i

320 3748 564 3822 peram
606 3718 1011 3798 emendasse
1033 3778 1052 3811 ‚
1092 3718 1208 3794 vel
1240 3746 1320 3792 ea
1351 3718 1786 3792 emendanda
1823 3717 2160 3796 iudicasse
2177 3779 2195 3814 ‚
2219 3749 2397 3824 quae

325 3836 521 3912 nulla
562 3835 723 3910 labe
767 3853 1002 3914 essent
1053 3839 1314 3914 affecta.
1415 3838 1629 3912 Cuius
1690 3842 1958 3937 generis
2005 3836 2200 3920 locus
2252 3857 2404 3939 est,

328 3954 420 4028 ad
461 3979 667 4056 quem
707 3961 932 4058 prima
966 3958 1199 4030 statim
1236 3956 1735 4033 animadversio
1773 3958 2099 4063 pertinet.
2197 3961 2406 4061 Legi·

325 4085 444 4150 tur
482 4075 557 4145 in
596 4074 745 4176 ipsa
773 4103 925 4176 pag
962 4103 990 4149 1
1042 4077 1115 4148 in
1150 4059 1432 4177 epistola
1469 4074 1708 4150 Omari
1744 4075 2054 4154 Khalifae
2078 4073 2169 4148 ad
2197 4077 2402 4184 A¹,³⁰¹²

322 4179 714 4290 Obsidanx,
750 4219 885 4294 qua
908 4193 1142 4297 ipsum
1155 4183 1507 4283 hortatur,
1542 4205 1623 4264 ut
1662 4194 1737 4268 in
1771 4189 2309 4312 oppugnandis
2285 4218 2414 4269 111-'

1455 4307 1622 4391 Y5
1840 4373 1845 4382 .
2323 4314 2408 4388 fi-
