3020 5292
1532 525 1536 530 .
2066 512 2170 537 .-.

688 624 941 722 gen'ere
966 628 992 713 ,¹
1031 600 1107 694 et
1147 614 1418 695 ratione
1464 613 1737 721 poetica
1778 607 2146 688 foi-mitam
2174 619 2551 709 exspectes
2595 632 2794 717 prae-

680 734 1041 840 ceptorum
1082 735 1703 837 conscriptionem.
1806 730 1970 807 ,Hoc
2019 740 2252 804 autem
2286 728 2408 804 alii
2455 730 2753 808 videant
2769 792 2792 826 ‚

678 857 967 959 ipseque
985 842 1425 934 'welekems
1444 908 1465 945 ,
1512 852 1595 926 in
1629 850 1766 933 hoo
1803 863 2208 950 argumento
2245 848 2564 927 habitans
2587 908 2608 947 ,
2660 879 2791 927 ex-

678 971 952 1075 ploret,
928 998 947 1017 ·
1011 972 1193 1047 illud
1232 971 1637 1049 luculenter
1694 966 2208 1043 demonstravit
2263 971 2391 1069 (eo
2426 972 2620 1046 enim
2670 999 2793 1049 re-

643 1184 648 1193 Ι
680 1089 1044 1167 dcundum
1080 1091 1221 1187 est)
1276 1115 1489 1192 quam
1532 1115 1727 1166 nunc
1767 1084 2109 1163 habemus
2161 1085 2337 1162 libri
2372 1079 2791 1190 descriptio-

681 1232 893 1298 nem,
937 1235 979 1282 a
1027 1206 1442 1310 Theognide
1489 1234 1639 1286 non
1691 1206 2076 1317 profectam
2132 1229 2311 1280 esse.
2409 1208 2564 1299 Quo
2602 1204 2793 1280 facto

684 1340 1034 1402 asseverat
1077 1358 1121 1399 n
1165 1356 1314 1406 non
1351 1354 1519 1405 cum
1562 1354 1649 1403 eo
1668 1385 1692 1423 ,
1737 1330 1860 1431 qui
1883 1328 2274 1428 fragmenta
2294 1324 2789 1424 congregavit,

680 1474 726 1517 n
781 1445 912 1523 sed
959 1470 1122 1525 cum
1163 1449 1340 1551 ipsis
1391 1448 1801 1549 fragmentis
1856 1469 2041 1521 novo
2096 1440 2349 1516 editori
2397 1465 2548 1513 rem
2591 1464 2743 1514 esse
2762 1494 2784 1529 ‚

682 1593 725 1635 ι»
781 1566 985 1668 eique
1037 1564 1252 1641 licere
1304 1579 1388 1639 ut
1432 1564 1524 1640 ad
1560 1590 1768 1641 sunm
1815 1565 2025 1639 unice
2077 1558 2444 1635 arbitrium
2505 1555 2648 1631 illa.
2673 1556 2796 1633 di·.

683 1706 731 1751 »
781 1679 1050 1781 gerat.”
1143 1687 1323 1760 Sunt
1358 1707 1525 1757 sane
1563 1682 1643 1755 in
1686 1680 1945 1784 quibus
1986 1677 2236 1754 editori
2285 1678 2590 1755 multum
2630 1703 2787 1751 ces·

684 1801 941 1877 serim:
992 1803 1213 1878 veluti
1254 1805 1314 1878 si
1352 1804 1514 1906 quis
1549 1802 1931 1903 fragmenta
1965 1801 2214 1874 Dionis
2234 1796 2452 1874 Cassii
2475 1825 2517 1873 e
2552 1825 2785 1898 gram-.-

684 1921 958 1999 maticis
998 1919 1450 1996 Bekkerianis
1491 1935 1856 2026 excerpat,
1901 1935 2108 2024 atque
2145 1923 2246 1995 ita
2266 1920 2638 2022 disponere
2666 1936 2790 1992 ve-

686 2034 833 2129 lit,
900 2028 982 2112 nt
1046 2040 1301 2113 seriem
1351 2037 1705 2121 librorum
1771 2038 1965 2115 unde
2028 2041 2244 2143 petita
2288 2049 2464 2113 sunt
2542 2058 2790 2142 sequa,

688 2167 847 2247 tur,
910 2171 1099 2231 recte
1159 2182 1323 2237 eum
1379 2154 1818 2261 provinciam
1892 2185 2088 2234 suam
2135 2156 2788 2233 administraturum

689 2271 962 2350 dicam.
1011 2279 1185 2379 quin
1242 2268 1544 2390 culpabo
1591 2281 1654 2354 si
1690 2279 1891 2355 aliter
1935 2280 2193 2381 egerin
2239 2277 2351 2351 sin
2403 2275 2787 2372 fragmenta

690 2395 1238 2497 {tragoediarum
1288 2400 1663 2500 conquirat-
1696 2400 2006 2491 incerta,
2071 2396 2153 2473 id
2202 2410 2315 2471 est
2365 2419 2557 2496 quae
2579 2417 2788 2468 nemo

688 2515 821 2588 scit
869 2539 913 2587 e
972 2541 1273 2616 quanam
1334 2515 1571 2590 fabula
1616 2515 1980 2618 depromta
2035 2517 2181 2590 sint
2199 2571 2219 2606 ,
2275 2539 2406 2616 per
2449 2537 2566 2589 me
2611 2512 2788 2586 licet

691 2631 790 2702 ita
829 2634 1205 2708 constituat
1228 2692 1249 2727 ‚
1295 2650 1379 2709 ut
1423 2635 1543 2711 vel
1583 2626 1675 2711 ad
1717 2640 1969 2713 seriem
2012 2634 2369 2711 literarum
2421 2635 2502 2709 in
2535 2635 2788 2736 primis

693 2748 1049 2828 vocabulis
1090 2750 1504 2864 decuti-ann
1554 2743 1669 2832 vel
1719 2757 2023 2833 similem
2055 2755 2476 2829 sententiam
2525 2750 2785 2826 haben-

694 2868 794 2940 tia
834 2894 1043 2971 quam
1081 2877 1422 2973 proxime·
1443 2876 1875 2953 collocentur
1889 2931 1910 2967 ,
1956 2873 2070 2948 vel
2109 2877 2261 2977 pari
2303 2899 2595 2950 numero
2630 2897 2786 2949 ver'·

696 3009 901 3061 suum
961 3013 1139 3090 quae
1214 3008 1539 3068 constant
1596 3009 1717 3069 aut
1769 2990 2156 3096 quamlibet
2211 3006 2499 3095 propter
2553 3003 2783 3065 exter*

693 3132 865 3179 nam
910 3110 1215 3207 speciem
1267 3112 1599 3189 socianda
1635 3112 2007 3187 videntur:
2058 3122 2133 3184 et
2163 3109 2461 3187 liberum
2495 3113 2741 3188 faciam
2757 3173 2787 3207 ‚

698 3224 862 3324 quia
900 3223 1221 3299 ordinem
1263 3230 1472 3334 plane
1508 3258 1660 3306 non
1700 3231 1982 3332 requiro
1998 3285 2020 3320 ‚
2063 3254 2201 3305 nec
2242 3253 2441 3329 aegre
2470 3230 2687 3306 feram
2722 3229 2783 3309 si

695 3363 914 3443 nugas
956 3344 1229 3420 omittat
1251 3404 1273 3440 ‚
1342 3350 1805 3452 conficiatque
1842 3347 1922 3421 in
1962 3344 2329 3437 ehamm„
2373 3362 2457 3423 ut
2499 3376 2659 3425 casu
2699 3350 2787 3427 le-

696 3464 885 3565 genti
926 3478 1397 3540 occurrerunt.
1498 3465 1873 3568 Propterea
1906 3477 2141 3538 autem
2174 3463 2355 3539 hanc
2389 3466 2789 3562 libertatem

696 3587 767 3659 ei
786 3581 1233 3658 concedimus
1248 3639 1270 3674 ‚
1303 3586 1646 3688 'quoniam
1676 3585 1829 3659 eius
1860 3585 2151 3662 innoxia
2166 3582 2500 3687 quaedam
2539 3599 2650 3659 est
2682 3585 2795 3662 di-

702 3700 988 3800 ligentia
1003 3761 1026 3796 ‚
1073 3727 1303 3804 neque
1334 3705 1412 3777 in
1456 3696 1588 3778 hac
1642 3703 1987 3779 librorum
2029 3703 2446 3806 scriptorum
2488 3706 2803 3779 auctori-·

701 3833 809 3894 tas
850 3839 969 3897 aut
1014 3823 1375 3898 literarum
1414 3822 1742 3899 historiae
1783 3823 1961 3899 fides
1997 3822 2451 3926 periclitatur.
2524 3822 2794 3926 Depre-

702 3939 957 4015 hendit
995 3944 1459 4041 fragmentum
1494 3969 1536 4016 a
1573 3937 1812 4019 vetere
1836 3941 2196 4018 laudatum
2236 3946 2578 4047 scriptore
2598 4001 2623 4037 ‚
2669 3943 2799 4018 ἀει-ἐ

697 4060 988 4152 scribit,
1028 4059 1165 4134 sibi
1221 4058 1576 4135 vindicat:
1629 4060 2100 4164 deprehendit
2137 4060 2488 4156 alterum,
2550 4061 2790 4138 eadem

703 4204 945 4352 opera·
928 4237 948 4277 ,
996 4178 1171 4283 quid
1221 4179 1411 4256 hune
1450 4204 1650 4316 cogas
1704 4194 1784 4257 ut
1834 4178 2156 4262 ordinem
2205 4181 2640 4262 inventionis
2697 4183 2790 4264 in«-

2645 4324 2795 4379 ver-
